@inproceedings{Rudi:2015:EIS:2807591.2807675,
 author = {Rudi, Johann and Malossi, A. Cristiano I. and Isaac, Tobin and Stadler, Georg and Gurnis, Michael and Staar, Peter W. J. and Ineichen, Yves and Bekas, Costas and Curioni, Alessandro and Ghattas, Omar},
 title = {An Extreme-scale Implicit Solver for Complex PDEs: Highly Heterogeneous Flow in Earth's Mantle},
 booktitle = {Proceedings of the International Conference for High Performance Computing, Networking, Storage and Analysis},
 series = {SC '15},
 year = {2015},
 isbn = {978-1-4503-3723-6},
 location = {Austin, Texas},
 pages = {5:1--5:12},
 articleno = {5},
 numpages = {12},
 url = {http://doi.acm.org/10.1145/2807591.2807675},
 doi = {10.1145/2807591.2807675},
 acmid = {2807675},
 publisher = {ACM},
 note = {A winner of the Gordon Bell Prize for special achievement},
 address = {New York, NY, USA},
}

@article{DBLP:journals/siamsc/IsaacBWG15,
  author    = {Tobin Isaac and
               Carsten Burstedde and
               Lucas C. Wilcox and
               Omar Ghattas},
  title     = {Recursive Algorithms for Distributed Forests of Octrees},
  journal   = {{SIAM} J. Scientific Computing},
  volume    = {37},
  number    = {5},
  year      = {2015},
  url       = {http://dx.doi.org/10.1137/140970963},
  doi       = {10.1137/140970963},
  timestamp = {Mon, 30 Nov 2015 17:16:22 +0100},
  biburl    = {http://dblp.uni-trier.de/rec/bib/journals/siamsc/IsaacBWG15},
  bibsource = {dblp computer science bibliography, http://dblp.org}
}

@article {Stadler1033,
	author = {Stadler, Georg and Gurnis, Michael and Burstedde, Carsten and Wilcox, Lucas C. and Alisic, Laura and Ghattas, Omar},
	title = {The Dynamics of Plate Tectonics and Mantle Flow: From Local to Global Scales},
	volume = {329},
	number = {5995},
	pages = {1033--1038},
	year = {2010},
	doi = {10.1126/science.1191223},
	publisher = {American Association for the Advancement of Science},
	issn = {0036-8075},
	journal = {Science}
}

@article{KnepleyBrownMcInnesSmithRuppAdams2015,
  title  = {Exascale Computing without Threads},
  author = {Matthew G. Knepley and Jed Brown and Lois Curfman McInnes and Barry Smith and Karl Rupp and Mark Adams},
  url    = {http://www.orau.gov/hpcor2015/whitepapers/Exascale_Computing_without_Threads-Barry_Smith.pdf},
  note   = {Whitepaper for the DOE High Performance Computing Operational Review (HPCOR) on Scientific Software Architecture for Portability and Performance},
  year   = {2015}
}

@conference{may2014ptatin,
  author={Dave A. May and Jed Brown and Laetitia Le Pourhiet},
  title={{pTatin3D}: {H}igh-Performance Methods for Long-Term Lithospheric Dynamics},
  booktitle={Proceedings of SC14: International Conference for High Performance Computing, Networking, Storage and Analysis},
  year={2014},
  organization={ACM}
}
@article{KnepleyBrownMcInnesSmithRuppAdams2015b,
  title  = {Overview of the PETSc Library},
  author = {Matthew G. Knepley and Jed Brown and Lois Curfman McInnes and Barry Smith and Karl Rupp and Mark Adams},
  url    = {http://www.orau.gov/hpcor2015/whitepapers/Overview_of_the_PETSc_Library-Lois_McInnes.pdf},
  note   = {Whitepaper for the DOE High Performance Computing Operational Review (HPCOR) on Scientific Software Architecture for Portability and Performance},
  year   = {2015}
}
@article{BruneKnepleySmithTu15,
  title   = {Composing Scalable Nonlinear Algebraic Solvers},
  author  = {Peter R. Brune and Matthew G. Knepley and Barry F. Smith and Xuemin Tu},
  journal = {SIAM Review},
  volume  = {57},
  number  = {4},
  pages   = {535--565},
  note    = {\url{http://www.mcs.anl.gov/papers/P2010-0112.pdf}},
  url     = {http://www.mcs.anl.gov/papers/P2010-0112.pdf},
  doi     = {http://dx.doi.org/10.1137/130936725},
  year    = {2015},
}
@article{DBLP:journals/cphysics/ChenC15,
  author    = {Guangye Chen and
               Luis Chac{\'{o}}n},
  title     = {A multi-dimensional, energy- and charge-conserving, nonlinearly implicit,
               electromagnetic Vlasov-Darwin particle-in-cell algorithm},
  journal   = {Computer Physics Communications},
  volume    = {197},
  pages     = {73--87},
  year      = {2015},
  url       = {http://dx.doi.org/10.1016/j.cpc.2015.08.008},
  doi       = {10.1016/j.cpc.2015.08.008},
  timestamp = {Fri, 11 Dec 2015 11:06:12 +0100},
  biburl    = {http://dblp2.uni-trier.de/rec/bib/journals/cphysics/ChenC15},
  bibsource = {dblp computer science bibliography, http://dblp.org}
}
@article{ Bigot13,
	author = {{Bigot, J.} and {Grandgirard, V.} and {Latu, G.} and {Passeron, Ch.} and {Rozar, F.} and {Thomine, O.}},
	title = {Scaling {GYSELA} code beyond 32{K}-cores on {B}lue{G}ene/{Q}},
	DOI= "10.1051/proc/201343008",
	url= "http://dx.doi.org/10.1051/proc/201343008",
	journal = {ESAIM: Proc.},
	year = 2013,
	volume = 43,
	pages = "117-135",
	month = "",
}
@article{Adams-10a,
	Author = {Mark F. Adams and Ravi Samtaney and Achi Brandt},
	Doi = {DOI: 10.1016/j.jcp.2010.04.024},
	Issn = {0021-9991},
	Journal = {Journal of Computational Physics},
	Keywords = {Implicit magnetohydrodynamics},
	Number = {18},
	Pages = {6208 - 6219},
	Title = {Toward textbook multigrid efficiency for fully implicit resistive magnetohydrodynamics},
	Url = {http://www.sciencedirect.com/science/article/B6WHY-4YY8N52-2/2/4a06d49560a7f24a4da5bb25d0c75d62},
	Volume = {229},
	Year = {2010},
	Bdsk-Url-1 = {http://www.sciencedirect.com/science/article/B6WHY-4YY8N52-2/2/4a06d49560a7f24a4da5bb25d0c75d62},
	Bdsk-Url-2 = {http://dx.doi.org/10.1016/j.jcp.2010.04.024}}

@article{Adams-07a,
	Author = {M. F. Adams and S. Ethier and N. Wichmann},
	Journal = {J. of Phys.: Conference Series},
	Title = {Performance of particle and cell methods on highly concurrent computational architectures},
	Volume = {78},
	Year = {2007}}
	
@article{Chang09,
 author =        {Chang, C. S. and Ku, S. and Diamond, P. H. and Lin, Z. and Parker, S. and Hahm, T. S. and Samatova, N.},
 Title = {Compressed ion temperature gradient turbulence in diverted tokamak edge},
 journal =       {Phys. Plasmas},
 year =          {2009},
 volume =        {16},
 pages =         {056108}
}
@article{Brandt-77,
	Author = {Brandt, A.},
	Journal = {Math. Comput.},
	Pages = {333-390},
	Title = {Multi-level adaptive solutions to boundary value problems},
	Volume = {31},
	Year = {1977}}
