@TECHREPORT{parasha,
        AUTHOR="M. Parashar and J. C. Browne",
        TITLE="{DAGH}: A Data-Management Infrastructure for Parallel
                  Adaptive Mesh Refinment Techniques",
        INSTITUTION="Department of Computer Science, University of
                  Texas at Austin",
        YEAR="1995"
                }

@InProceedings{kks,
  author =       {Dinesh Kausik and David Keyes and Barry Smith},
  title =        {On the Interaction of Architecture and 
              Algorithm in the Domain Based Parallelism of an Unstructured Grid Incompressible
              Flow Code},
  booktitle = "Proceedings of 10th International Symposium on Domain Decomposition Methods in 
               Science and Industry",
  publisher = "AMS",
  note      = "submitted",
  year      = 1998
}

@Article{parti,
  author =       {R. Das and M. Uysal and J. Saltz and Y. S. Hwang}, 
  title =        {Communications Optimizations for Irregular
                  Scientific Computations on Distributed Memory Architectures},
  journal =      {Journal of Parallel and Distributed Computing},
  year =         {1994},
  volume =       {22},
  pages =        {462--479}
}

@Article{mparti,
  author =       {G. Agrawal and A. Sussman and J. Saltz}, 
  title =        {An Integrated Runtime and Compile-time Approach for
                  Parallelizing Structured and Block Structured Applications},
  journal =      {IEEE Transactions on Parallel and Disttibuted Systems},
  year =         {to appear}
}

@Article{gropp-lusk-doss-skjellum,
  author =       { William Gropp and Ewing Lusk and Nathan Doss and Anthony
                  Skjellum}, 
  title =        {A high-performace, portable implementation of the {MPI}
                  Message Passing Interface standard},
  journal =      {Parallel Computing},
  year =         1996,
  volume =       22,
  pages =        {789--828}
}

@InProceedings{lam,
  author    = "Greg Burns and Raja Daoud and James Vaigl",
  title     = "{LAM}: An Open Cluster Environment for {MPI}",
  booktitle = "Proceedings of Supercomputing Symposium '94",
  editor    = "John W. Ross",
  publisher = "University of Toronto",
  pages     = "379--386",
  year      = 1994,
}

@InProceedings{efficient,
  author    = "Satish Balay and William D. Gropp and Lois Curfman
                  McInnes and Barry F. Smith",
  title     = "Efficient Management of Parallelism in 
               Object Oriented Numerical Software Libraries",
  booktitle = "Modern Software Tools in Scientific Computing",
  editor    = "E. Arge and A. M. Bruaset and H. P. Langtangen",
  publisher = "Birkhauser Press",
  pages     = "163--202",
  year      = 1997,
}

@TECHREPORT{caisaad,
        AUTHOR="Xiao-Chuan Cai and Youcef Saad",
        TITLE="Overlapping domain decomposition algorithms for
               general sparse matrices",
        INSTITUTION="Army High Performance Computing
                     Research Center, University of Minnesota ",
        YEAR="1993",
        NUMBER="Preprint 93-027 ",
        NOTE= "SIAM J. Sci. Comp. (submitted)"
                }

@BOOK{ruminations,
      AUTHOR="Andrew Koenig and Barbara Moo",
      TITLE="Ruminations on C++",
      YEAR="1996",
      PUBLISHER="Addison-Wesley"
      }
		  
@BOOK{1sbg,
      AUTHOR="Barry F. Smith and Petter Bj{\o}rstad and William Gropp",
      TITLE="Domain Decomposition: Parallel Multilevel Methods for Elliptic 
             Partial Differential Equations",
      YEAR="1996",
      PUBLISHER="Cambridge University Press"
      }

@BOOK{mpi-complete,
      AUTHOR="Marc Snir and Steve Otto and Steven Huss-Lederman and David
                  Walker and Jack Dongarra",
      TITLE="{MPI}: The Complete Reference",
      YEAR="1995",
      PUBLISHER="MIT Press"
      }
		  
@TechReport( petsc-user-ref,
    Author = "Satish Balay and William D. Gropp and Lois Curfman McInnes
		  and Barry F. Smith",
    Title  = "{PETS}c 2.0 Users Manual",
    Institution = "Argonne National Laboratory",
    Month  = Nov,
    Year   = 1997,
    Number = "ANL-95/11 - Revision 2.0.21"
    )


@Unpublished{ petsc-mpi-paper,
    Author = "Lois Curfman McInnes and Barry F. Smith",
    Title  = "{PETS}c 2.0: A Case Study of Using {MPI} to Develop Numerical 
              Software Libraries",
    Note   = "{\em Proceedings of the MPI Developers
              Conference}, Notre Dame, IN",
    Month  = Jun,
    Year   = "1995"
}

@Unpublished{ tcl-tk-web-page,
  title = 	 "{Tcl/Tk} {W}orld {W}ide {W}eb page",
  note = 	 "http://www.sunlabs.com/research/tcl/",
  year =	 1996,
  month =	 Aug
}

@Unpublished{ mpich-web-page,
  author =       "William Gropp and Ewing Lusk and Nathan Doss and Anthony
                  Skjellum", 
  key =          "MPICH",
  title = 	 "{MPICH} home page",
  note = 	 "http://www.mcs.anl.gov/mpi/mpich/index.html",
  year =	 1996,
  month =	 Dec
}

@Unpublished{ kelp-web-page,
  author =       "Scott Baden", 
  title = 	 "{KeLP} home page",
  note = 	 "http://www-cse.ucsd.edu\-/groups\-/hpcl\-/scg\-/kelp.html",
  year =	 1997,
  month =	 "July"
}


@Article{ MPI-final, 
	Title = "{MPI}: A Message-Passing Interface Standard",
        Journal = "International J. Supercomputing Applications",
        Volume  = 8, 
	Number = "3/4",
	Year = 1994, 
	Key = "MPI Standard - final"
}

@Unpublished{ npb-web-page,
  key =          "NAS Parallel Benchmarks",
  title = 	 "{NAS} {P}arallel {B}enchmarks home page",
  note = 	 "http://www.nas.nasa.\-gov/\-NAS/\-NPB/\-index.html",
  year =	 1996,
  month =	 Dec
}


@Unpublished{ petsc-web-page,
  Author = "Satish Balay and William D. Gropp and Lois Curfman McInnes
		  and Barry F. Smith",
  title = 	 "{PETSc} home page",
  note = 	 "http://www.mcs.anl.gov\-/petsc",
  year =	 1997,
  month =	 Jul
}

@book{ george81,
	TITLE = "Computer Solution of Large Sparse Positive Definite Systems",
	AUTHOR= "Alan George and Joseph W. Liu",
	PUBLISHER = "Prentice-Hall",
	YEAR      = 1981,
	KEY       = "SparseDirect"
        }

@book{ p4-book,
	TITLE     = "Portable Programs for Parallel Processors",
	PUBLISHER = "Holt, Rinehart, {and} Winston",
	YEAR      = 1987,
	AUTHOR    = "James Boyle and Ralph Butler and Terrence Disz and 
	             Barnett Glickfeld and Ewing Lusk and Ross Overbeek and
		     James Patterson and Rick Stevens",
	KEY       = "P4Book"
        }

@Article{p4-paper,
  author = 	"Ralph Butler and Ewing Lusk",
  title = 	"Monitors, Messages, and Clusters:  {T}he p4 Parallel
		 Programming System",
  journal = 	"Journal of Parallel Computing",
  note = 	"To appear (Also Argonne National Laboratory Mathematics and
                 Computer Science Division preprint P362-0493)",
  Year =        1993
}

@TechReport(picl,
    Author=      "G.~A.~Geist and Michael~T.~Heath and B.~W.~Peyton and 
	          Patrick~H.~Worley",
    Title=       "{PICL}: A portable instrumented communications library",
    Institution= "Oak Ridge National Laboratory",
    Number=      "TM-11130",
    Year=        "1990",
    Key=         "PICL")


@TechReport( upshot,
    Author=      "Virginia Herrarte and Ewing Lusk",
    Title=       "Studying Parallel Program Behavior with {U}pshot",
    Institution= "Argonne National Laboratory",
    Number=      "ANL-91/15",
    Month=       AUG,
    Year=        "1991",
    Key=         "Upshot" )

@TechReport( p4-manual,
    Author=      "Ralph Butler and Ewing Lusk",
    Title=       "User's Guide to the p4 Parallel Programming System",
    Institution= "Argonne National Laboratory",
    Number=      "ANL-92/17",
    Month=       Oct,
    Year=        "1992",
    Key=         "p4-Manual" )

@inproceedings{kelp,
    Author    =      "Stephan J. Fink and Scott B. Baden and Scott R. Kohn",
    title= "Flexible Communication Mechanisms for Dynamic Structured Applications",
    BOOKTITLE = "Irregular '96",
    YEAR      = "1996"
}

@inproceedings{oldparti,
    Author    =      "Gagan Agrawal and Alan Sussman and Joel Saltz",
    Title     =       "Compiler and Runtime Support for Unstructured and Block
                  Structured Problems",
    BOOKTITLE = "Proceedings of Supercomputing '93",
    pages     = "578--587",
    YEAR      = "1993"
}

@inproceedings{parti2,
    Author    =      "S. S. Mukherjee and S. D. Sharmann and
                      M. DF. Hill and J. R. Larus and A. Rogers and J. Saltz",
    Title     =       "Efficient Support for Irregular Applications on
                  Distributed Memory Machines",
    BOOKTITLE = "PPoPP 95",
    YEAR      = "1995"
}


@inproceedings{disz-lusk:wamtrace,
	AUTHOR = "Terrence Disz and Ewing Lusk",
	TITLE = "A Graphical Tool for Observing the Behavior of Parallel
 		Logic Programs",
	BOOKTITLE = "Proceedings of the 1987 Symposium on Logic Programming",
	YEAR = "1987",
	PAGES = "46--53"
}
@inproceedings{gorlick-kesselman:gauge,
	AUTHOR = "Michael Gorlick and Carl Kesselman",
	TITLE = "Timing {Prolog} programs without Clocks",
	BOOKTITLE = "Proceedings of the 1987 Symposium on Logic Programming",
	YEAR = "1996",
        publisher = "Birkhauser"
}

@inbook{diffpack,
    Author = "A. M. Bruaset and H. P. Langtangen",
    Title = "A Comprehensive set of Tools for Solving Partial
                  Differential Equations: Diffpack",
    BOOKTITLE = "Numerical Methods and Software Tools in Industrial Mathematics",
    Year = 1996,
    Publisher = "Birkhauser"}

@TechReport( aztec,
    Author = "Scott A. Hutchinson and John N. Shadid and Ray S. Tuminaro",
    Title  = "Aztec User's Guide Version 1.1",
    Institution = "Sandia National Laboratories",
    Month  = Oct,
    Year   = 1995,
    Number = "SAND95/1559"
    )

@inbook{pooma, 
	Title = "{POOMA}: A FrameWork for Scientific Computing Applications on Parallel
                Architectures",
	Author = "J. V. W. Reynders and J. C. Cummings and
                  P. J. Hinker and M. Tholburn and S. Banerjee,
                  M. Srikant and S. Karmesin and S. Atlas and K. Keahey and W. F. Humphrey",
        book = "Parallel Programming using C++",
        chapter = 14,
	Year = 1996
}

@inproceedings{poet,
	AUTHOR = "Rob Armstrong and Alex Cheung",
	TITLE = "POET (Parallel Object-oriented Environment and Toolkit) 
       and Frameworks for Scientific Distributed Computing",
	BOOKTITLE = "Proceedings of {HICSS97}",
	YEAR = "1997",
}

@Book{taylor-chandy:pcn,
    Author = "Chandy, M. and Taylor, S.",
    Title = "An Introduction to Parallel Programming",
    Year = 1991,
    Publisher = "Jones and Bartlett"}

@Book{foster-taylor:strand,
    Title = "Strand:  New Concepts in Parallel Programming",
    Author = "Ian Foster and Stephen Taylor",
    Publisher = "Prentice-Hall",
    Adress = " Englewood Cliffs, New Jersey",
    Year = 1990}

@article{aurora,
	AUTHOR = "E. Lusk and R. Butler and T. Disz and R. Olson and 
		R. Overbeek and R. Stevens and D.H.D. Warren and
		A. Calderwood and P. Szeredi and S. Haridi and 
		P. Brand and M. Carlsson and A. Ciepielewski and
		B. Hausman",
	TITLE = "The Aurora OR-Parallel Prolog System",
	JOURNAL = "New Generation Computing",
	VOLUME = 7,
	NUMBER = 3,
	YEAR = 1990,
	PAGES = "243--271"
}

@Techreport{roo,
    Author = "E. Lusk and W. McCune and J. Slaney",
    Title = "Roo---a Parallel Theorem Prover",
    Institution = "Argonne National Laboratory",
    Number = "MCS--TM--149",
    Year = 1991}

@Techreport{heath-etheridge:vppp,
    Author = "M. T. Heath and J. A. Etheridge",
    Title = "Visualizing the Performance of Parallel Programs",
    Institution = "Oak Ridge National Laboratory",
    Number = "ORNL TM-11813",
    Year = 1991}


@Techreport{chem:vis,
  Author = "Ewing L. Lusk",
  Title = "Performance Visualization for Parallel Programs",
  Institution = "Argonne National Laboratory",
  Number = "ANL/MCS--P287--0192",
  Year = 1991,
  Note = "(to appear in {\em Theoretica Chimica Acta})"
  }

@Techreport{picltrace,
    Author = "P.~H.~Worley",
    Title = "A new {PICL} trace file format",
    Institution = "Oak Ridge National Laboratory",
    Number = "ORNL TM-12125",
    Month  = JUN,
    Year = 1992}

@inproceedings{hideo,
	AUTHOR = "Gary Olsen and Carl Woese and Ray Hagstrom and Hideo Matsuda
		  and Ross Overbeek",
	TITLE = "Inference of Phylogenetic trees using maximum likelihood",
	BOOKTITLE = "Proceedings of the Fisrt Intel Delta Applications 
		     Workshop",
	YEAR = "1992",
	PAGES = "247--262"
}

@InProceedings(DW90,
    Author=      "M. Dryja and O. Widlund",
    Title=       "Towards a Unified Theory of Domain Decomposition Algorithms
                  for Elliptic Problems",
    Booktitle=   "Third International Symposium on Domain Decomposition
                  Methods",
    Editor=      "T. F. Chan and R. Glowinski 
                 and J. P\'eriaux and O. B. Widlund",
    Year=        "1990",
    Pages=       "3-21",
    Publisher=   "SIAM",
    Address=     "Philadelphia",
    Annote=      "Additive {S}chwarz.  Surveys recent (1989) results; some
		  comments on 3-d and how many approaches may be cast in 
		  the form of additive {S}chwarz-subspace form.  58 
	          references, good introduction to the theory.  No
	          computations",
    Key=         "DryjaWidlund90 !AS")

@UnPublished(rosing,
    Author=    "Matt Rosing and Joel Saltz",
    Title=     "Low Latency Messages on Distributed Memory Multiprocessors",
    Key=       "LowLatency",
    Note=      "manuscript, 1992")

@techreport{jp:incomplete,
         AUTHOR = "Mark T. Jones and Paul E. Plassmann",
        TITLE = "An Improved Incomplete {C}holesky Factorization",
        INSTITUTION = "Argonne National Laboratory",
        ADDRESS = "Argonne, IL",
        TYPE = "Preprint",
        NOTE = "(to appear in {\em ACM Trans. on Mathematical Software, 1995})",
        NUMBER = "MCS-P206-0191",
        YEAR = "1991",
	KEY = "jones" }

@incollection{jp:ima,
  AUTHOR = jp,
  title = "The Efficient Parallel Iterative Solution
  of Large Sparse Linear Systems",
  booktitle = "Graph Theory and Sparse Matrix Computation",
  publisher = "Springer-Verlag",
  series = "The IMA Volumes in Mathematics and Its Applications",
  editor = "Alan George and John Gilbert and Joseph W.H.~Liu",
  volume = "56",
  year = "1993",
  pages="229--245"
  }

@TechReport( ew94,
        AUTHOR = "S. C. Eisenstat and H. F. Walker",
        TITLE = "Choosing the forcing terms in an inexact {N}ewton method", 
        ADDRESS = "Logan, UT",
        TYPE = "Preprint",
        NOTE = "(to appear in {\em SIAM J. Sci. Comput.})",
        NUMBER = "Utah State University Math. Stat. Dept. Res. Report 6/94/75",
        YEAR = "1994",
	KEY = "walker" )

@TechReport( ysmp83,
    KEY       =   "Eisenstat",
    AUTHOR    =   "S.~C.~Eisenstat and H.~C.~Elman and M.~H.~Schultz and
		  A.~H.~Sherman",
    TITLE     =   "The (New) {Y}ale {S}parse {M}atrix {P}ackage",
    INSTITUTION=  "Department of Computer Science, Yale University",
    NUMBER    =   "YALE/DCS/RR-265",
    MONTH     =    APR,
    YEAR      =   "1983"
    )

@TechReport{ sparsekit,
    KEY       = "Saad",
    AUTHOR    = "Youcef Saad",
    TITLE     = "{SPARSKIT}, a basic tool kit for sparse matrix computations",
    INSTITUTION= "Center for Supercomputing Research and Development, 
	          University of Illinois at Urbana-Chanpaign",
    NUMBER    = "1029",
    YEAR      = 1990
    }

@TechReport( pde-user-ref,
    Author = "Barry F. Smith",
    Title  = "Extensible {PDE} Solvers Package Users Manual",
    Institution = "Argonne National Laboratory",
    Month  = SEP,
    Year   = 1994,
    Number = "ANL-93/40",
    Key    = "Smith94 ! PDE"
    )

@TechReport( bs-user-ref,
    Author = "Mark T. Jones and Paul E. Plassmann",
    Title  = "BlockSolve95 Users Manual: Scalable Library Software fo
                  the Parallel Solution of Sparse Linear Systems",
    Institution = "Argonne National Laboratory",
    Month  = DEC,
    Year   = 1995,
    Number = "ANL-95/48"
    )

@TechReport( snes-user-ref,
    Author = "William D. Gropp and Lois Curfman McInnes and Barry F. Smith",
    Title  = "Using the {S}calable {N}onlinear {E}quations {S}olvers Package",
    Institution = "Argonne National Laboratory",
    Month  = Feb,
    Year   = 1995,
    Number = "ANL/MCS-TM-193",
    Key    = "GroppMcInnesSmith95 ! SNES"
    )

@TechReport( sles-user-ref,
    Author = "William D. Gropp and Barry F. Smith",
    Title  = "{S}implified {L}inear {E}quation {S}olvers Users Manual",
    Institution = "Argonne National Laboratory",
    Month  = MAR,
    Year   = 1993,
    Number = "ANL-93/8",
    Key    = "GroppSmith93 ! SLES"
    )
@TechReport( chameleon-user-ref,
    Author = "William D. Gropp and Barry F. Smith",
    Title  = "Chameleon Parallel programming tools Users Manual",
    Institution = "Argonne National Laboratory",
    Month  = MAR,
    Year   = 1993,
    Number = "ANL-93/23",
    Key    = "GroppSmith93 ! Chameleon"
    )

@TechReport( ksp-user-ref,
    Author = "William D. Gropp and Barry F. Smith",
    Title  = "Users Manual for {KSP}: Data-Structure-Neutral Codes Implementing {K}rylov Space Methods",
    Institution = "Argonne National Laboratory",
    Month  = AUG,
    Year   = 1993,
    Number = "ANL-93/30",
    Key    = "GroppSmith93 ! KSP"
    )

@INPROCEEDINGS{ miss-paper,
 AUTHOR=    "William D. Gropp and Barry F. Smith",
 TITLE=     "Scalable, Extensible, and Portable
              Numerical Libraries",
 PUBLISHER= "IEEE",
 YEAR=      "1994",
 BOOKTITLE= "Proceedings of the Scalable Parallel Libraries Conference",
 ADDRESS=   "Mississippi State University",
 pages=     "87--93",
 keyword=   "numerical libraries, scientific computing, parallel computing"
}

@INPROCEEDINGS{ snes-paper,
 AUTHOR=    "William D. Gropp and Lois Curfman McInnes and Barry F. Smith",
 TITLE=     "Scalable Libraries for Solving Systems of Nonlinear Equations
             and Unconstrained Minimization Problems",
 PUBLISHER= "IEEE",
 YEAR=      "1995",
 BOOKTITLE= "Proceedings of the Scalable Parallel Libraries Conference",
 ADDRESS=   "Mississippi State University",
 pages=     "60-67",
 keyword=   "nonlinear equations, optimization, superconductivity, parallel 
             computing"
}

@article( dsneutral,
    Author = "Barry F. Smith and William D. Gropp",
    Title  = "The design of data-structure-neutral libraries for the iterative
		solution of sparse linear systems",
    Year   = 1996,
    Journal = "Scientific Programming",
    Volume = 5,
    pages  = "329--336",
    Key    = "GroppSmith96 ! KSP design",
    )

@TechReport( mpi-chameleon, 
    Author = "William D. Gropp and Ewing Lusk",
    Title  = "A Test Implementation of the {MPI} Draft Message-Passing 
	     Standard",
    Institution = "Argonne National Laboratory",
    Month  = DEC,
    Year   = 1992,
    Number = "ANL-92/47",
    Key    = "GroppLusk92 ! MPI"
    )

@TechReport( blockcomm-fortran,
    Author = "William D. Gropp",
    Title  = "Block{C}omm for {F}ortran",
    Institution = "Argonne National Laboratory",
    Month  = MAY,
    Year   = 1993,
    Number = "ANL-93/00 (to appear)",
    Key    = "Gropp93 ! BlockComm"
    )

@TechReport( autodocument,
    Author = "William D. Gropp",
    Title  = "Automatic documentation of {C} programs",
    Institution = "Argonne National Laboratory",
    Month  = MAY,
    Year   = 1993,
    Number = "ANL-93/00",
    Key    = "Gropp93 ! Autodoc"
    )

@TechReport( zipcode,
    Author = "Anthony Skjellum and Steven G. Smith and Charles H Still and
Alvin P. Leung and Manfred Morari",
    Title  = "The {Z}ipcode message-passing system",
    Institution = "Lawrence Livermore National Laboratory",
    Month  = SEP,
    Year   = 1992,
    Number = "Unpublished",
    Key    = "Skjellum92 ! Zipcode" )

@Article( paragraph,
    Author = "Michael T. Heath and Jennifer Etheridge Finger",
    Title  = "Visualizing performance of parallel programs",
    Journal = "IEEE Software",
    Volume  = 8,
    Number  = 5,
    Month   = SEP,
    Year    = 1991,
    Pages   = "29--39",
    Key     = "Heath91 ! Paragraph" )

@article( gropp90,
    Author = "William Gropp and Edward Smith",
    Title  = "Computational Fluid Dynamics on Parallel Processors",
    Journal = "Computers and Fluids",
    Volume  = 18,
    Year    = 1990,
    Pages   = "289--304",
    Key     = "Gropp90 ! performance" )

@article( foster92,
    Author = "Ian Foster and William Gropp and Rick Stevens",
    Title  = "The parallel scalability of the spectral transform method",
    Journal = "Monthly Weather Review",
    Volume  = 120,
    Year    = 1992, 
    Pages   = "835--850",
    Key     = "Foster92 ! performance" )

@INBOOK{fgn,
        AUTHOR="R. Freund and G. H. Golub and N. Nachtigal",
        TITLE="Iterative Solution of Linear Systems",
        SERIES="Acta Numerica",
        YEAR="1992",
        PUBLISHER="Cambridge University Press",
        PAGES="57--100"
                }

@TechReport( nachtigal90,
    Author = "No{\"e}l M. Nachtigal and Satish C. Reddy and Lloyd N. Trefethen",
    Title  = "How Fast are Nonsymmetric Matrix Iterations?",
    Institution = "Massachusetts Institute of Technology",
    Month  = MAR,
    Year   = 1990,
    Number = "90-2",
    Key    = "Nachtigal | Krylov" 
    )

@Article{ vorst92,
  author = 	 "H. van der Vorst",
  title = 	 "Bi-{CGSTAB}: A fast and smoothly converging varient of
		  {Bi-CG} for the solution of nonsymmetric linear systems",
  journal =	 "SIAM J. Sci. Stat. Comput.",
  year =	 1992,
  volume =	 13,
  pages =	 "631--644"
}

@Article{ eisenstat81,
  author = 	 "S. Eisenstat",
  title = 	 "Efficient Implementation of a Class of {CG} Methods",
  journal =	 "SIAM J. Sci. Stat. Comput.",
  year =	 1981,
  volume =	 2,
  pages =	 "1--4"
}

@Manual( ibm-essl,
    Title = "{E}ngineering and {S}cientific {S}ubroutine {L}ibrary Version 2:
Guide and Reference",
    Organization = "IBM",
    Year  = 1992,
    Key   = "IBM-ESSL"
    )

@Manual( IBM-EUI,
    Title = "{IBM} {AIX} Parallel Environment Parallel Programming Subroutine
Reference Release 2.0",
    Organization = "IBM",
    Month = JUN,
    Year  = 1994,
    Key   = "IBM-EUI"
    )

@Manual( IBM-EUIH,
    Title = "Using {EUIH}: An Experimental {EUI} Implementation",
    Organization = "IBM",
    Author = "Peter Hochschild",
    Year  = 1993,
    Key   = "IBM-EUIH"
    )

@TechReport{ MPI, 
	Title = "Document for a Standard Message-Passing Interface",
	Author = "Message Passing Interface Forum",
	Institution =  "University of Tennessee", 
	Number = "CS-93-214",
	Month  = NOV,
	Year = 1993, 
	Key = "MPI Standard"
}

@Unpublished{ mpi-final-web,
  author = 	 "Message Passing Interface Forum",
  title = 	 "{MPI}: A Message-Passing Interface Standard",
  note = 	 "http://www.mcs.anl.gov/mpi/mpi-report/mpi-report.html",
  year =	 1994,
  month =	 MAY
}


@Book{hockney-jesshope,
  author = 	 "R. W. Hockney and C. R. Jesshope",
  title = 	 "Parallel Computers 2",
  publisher = 	 "Adam Hilger",
  year = 	 "1988"
}

@Book{cm-fortran,
  author = 	 "{Thinking Machines Corporation}",
  title = 	 "Users Manual for CM-Fortran",
  publisher = 	 "Thinking Machines Corporation",
  year = 	 1993
}

@TechReport{ Chang93,
	Title = "Experiments and Bounds on Block Diagonal Preconditioning",
	Author = "Mark Yan-Ming Chang and Martin H. Schultz",
	Institution = "Yale Department of Computer Science",
	Number = "YALEU/DCS/RR-994", 
	Month  = NOV,
	Year   = 1993,
	Key    = "BDD|diag" }

@inproceedings{gropplevine93,
	AUTHOR = "N. Galbreath and W. Gropp and D. Levine",
	TITLE = "Applications-Driven Parallel {I/O}", 
	BOOKTITLE = "Proceedings of Supercomputing '93",
	YEAR = "1993",
	PAGES = "462--471"
}

@book{ Siegle85,
AUTHOR = "H. J. Siegel",
TITLE  = "Interconnection Networks for Large Scale Parallel Processing",
PUBLISHER = "Lexington Books",
YEAR      = 1985,
KEY       = "Network Comparison"
}
 
@article{ Lawrie75,
AUTHOR = "D. H. Lawrie",
TITLE  = "Access and alignment of data in an array processor",
JOURNAL = "IEEE Transactions on Computers", 
VOLUME  = "C-24", 
NUMBER  = 12,
MONTH   = DEC,
YEAR    = 1975,
PAGES   = "1145--1155",
KEY     = "Omega Network"
}

@comment{Text/Program/Man page processing programs
}

@book{ Lamport86,
AUTHOR = "Leslie Lamport",
TITLE  = "{LaTeX}: A document preparation system",
PUBLISHER = "Addison-Wesley",
YEAR      = 1986,
KEY       = "Latex Manual"
}

@TechReport( tohtml,
    Author=      "William Gropp",
    Title=       "Users Manual for tohtml: Producing true hypertext 
documents from {LaTeX}",
    Institution= "Argonne National Laboratory",
    Number=      "ANL/MCS-TM-00",
    Month=       JAN,
    Year=        "1995",
    Key=         "tohtml" )

@TechReport( doctext,
    Author=      "William Gropp",
    Title=       "Users Manual for doctext:
Producing documentation from {C} source code",
    Institution= "Argonne National Laboratory",
    Number=      "ANL/MCS-TM-00",
    Month=       JAN,
    Year=        "1995",
    Key=         "doctext" )

@TechReport( bfort,
    Author=      "William Gropp",
    Title=       "Users Manual for bfort:
Producing Fortran interfaces to {C} source code",
    Institution= "Argonne National Laboratory",
    Number=      "ANL/MCS-TM-00",
    Month=       JAN,
    Year=        "1995",
    Key=         "doctext" )


@InProceedings{ gropp-lusk:unix-tools,
    Author=     "William Gropp and Ewing Lusk",
    Title=      "Scalable Unix Tools on Parallel Processors", 
    Booktitle=  "Proceedings of the 1994 Scalable High Performanc Computing
		  Conference",
    Publisher=  "IEEE",
    Pages    =  "56--62"
    }

@inproceedings{jp:bell_prize,
    AUTHOR = jp,
    TITLE = "Solution of Large, Sparse Systems of Linear Equations
    in Massively Parallel Applications",
    booktitle = "Proceedings of Supercomputing '92",
    publisher = "IEEE Computer Society Press",
    YEAR = "1992",
    Pages = "551--560"
    }
  

@comment{WEB, CWEB references (for doctext)}
@TechReport{ web,
  author = 	 "Donald E. Knuth",
  title = 	 "The {\tt WEB} system of structured documentation",
  institution =  "Computer Science Department, Stanford University",
  year = 	 1983,
  number =	 980,
  month =	 SEPT
}

@Article{ literatepgm,
  author = 	 "Donald E. Knuth",
  title = 	 "Literate Programming",
  journal =	 "Computer Journal",
  year =	 1984,
  volume =	 27,
  number =	 2,
  pages =	 "91--111"
}

@Unpublished{ cweb-code,
  author = 	 "Silvio Levy and Donald E. Knuth",
  title = 	 "CWEB",
  note = 	 "CWEB is available at ftp://pip.shsu.edu/tex-archive/web/c_cpp/cweb"
}

@Article( componentware:94,
    AUTHOR  = "Jon Udell",
    TITLE   = "Componentware",
    JOURNAL = "Byte",
    VOLUME  = "May",
    PAGES   = "46-56",
    YEAR    = 1994,
    KEY     = "Udell94 ! componentware"
    )

@article{jp:scalable,
  AUTHOR = jp,
  TITLE = "Scalable Iterative Solution of Sparse Linear Systems",
  Journal = "Parallel Computing",
  Volume = "20",
  Number = "5",
  Month = "May",
  YEAR = "1994",
  Pages = "753--773"
  }

@article{jp:pcolor,
  AUTHOR = "Mark T. Jones and Paul E. Plassmann",
  Title = "A Parallel Graph Coloring Heuristic",
  journal = "SIAM J. Sci. Comput.",
  Volume = "14",
  Number = "3",
  Pages = "654-669",
  Year = "1993",
  }

@TechReport( block_solve,
    AUTHOR      = "Mark T. Jones and Paul E. Plassmann",
    TITLE       = "{B}lock{S}olve v1.1:  Scalable Library Software for
                   the Parallel Solution of Sparse Linear Systems",
    INSTITUTION = "Argonne National Laboratory",
    YEAR        = 1992,
    NUMBER      = "ANL-92/46",
    KEY     = "JonesPlassmann92 ! block_solve"
    )

@book{ optguide93,
   TITLE	= "Optimization Software Guide",
   AUTHOR	= "Jorge J. Mor\'{e} and Stephen J. Wright",
   PUBLISHER	= "SIAM Publications",
   ADDRESS	= "Philadelphia",
   YEAR		= 1993,
   }

@inproceedings{ more84,
   AUTHOR	= "Jorge J. Mor\'{e} and Danny C. Sorenson and
		   Burton S. Garbow and Kenneth E. Hillstrom",
   TITLE	= "The {MINPACK} Project",
   BOOKTITLE	= "Sources and Development of Mathematical Software",
   EDITOR	= "Wayne R. Cowell",
   YEAR		= 1984,
   PAGES	= "88-111"
   }

@inproceedings{ supercond,
   AUTHOR	= "Lois Curfman Mc{I}nnes and Mario Palumbo",
   TITLE	= "Parallel Solution of the Anisotropic 
		   {G}inzburg-{L}andau Model",
   BOOKTITLE	= "Proceedings of the Toward Teraflop Computing and New 
		   Grand Challenge Applications Conference",
   MONTH	= Feb,
   YEAR		= "1994",
   KEY     	= "McInnesPalumbo94 ! superconductivity "
   }

@Article( steihaug:83,
    AUTHOR  = "Trond Steihaug",
    TITLE   = "The Conjugate Gradient Method and Trust Regions in
               Large Scale Optimization",
    JOURNAL = "SIAM J. Numer. Anal.",
    VOLUME  = 20,
    YEAR    = 1983,
    PAGES   = "626-637",
    KEY     = "steihaug92 ! trust_region" 
    )

@Unpublished( preosti:93,
    AUTHOR  = "Gianfranco Preosti",
    TITLE   = " ",
    NOTE    = "Unpublished information, {P}hysics {D}epartment,
               {P}urdue {U}niversity",
    YEAR    = 1993,
    KEY     = "preosti93 ! GL-tilt3d" 
    )

@Unpublished( more:93,
    AUTHOR  = "Jorge J. Mor\'{e}",
    TITLE   = " ",
    NOTE    = "Unpublished information, {M}athematics and
               {C}omputer {S}cience {D}ivision,
               {A}rgonne {N}ational {L}aboratory",
    YEAR    = 1993,
    KEY     = "more93 ! MINPACK-2" 
    )

@TechReport( minpack2test,
    AUTHOR      = "Brett M. Averick and Richard G. Carter and
                   Jorge J. Mor\'{e}",
    TITLE       = "The {MINPACK-2} Test Problem Collection",
    INSTITUTION = "Argonne National Laboratory",
    YEAR        = 1991,
    NUMBER      = "ANL/MCS-TM-150",
    KEY     = "more91 ! MINPACK-2"
    )

@TechReport{ hohmann:94,
    AUTHOR      = "Andreas Hohmann",
    TITLE       = "Object Oriented Design of Multilevel {N}ewton and 
		   Continuation Methods",
    INSTITUTION = "Konrad-Zuse-Zentrum fur Informationstechnik Berlin",
    YEAR        = 1994,
    NUMBER      = "SC-94-4",
    KEY         = "Hohmann94"
    }

@TechReport{ meza:94,
    AUTHOR      = "Juan C. Meza",
    TITLE       = "{OPT}++:  An Object-Oriented Class Library for 
		  Nonlinear Optimization",
    INSTITUTION = "Sandia National Laboratory",
    YEAR        = 1994,
    NUMBER      = "SAND94-8225",
    KEY         = "Meza94"
    }

@book{ dennis:83,
   AUTHOR       = "Dennis Jr., J. E. and Robert B. Schnabel",
   TITLE        = "Numerical Methods for Unconstrained Optimization and
                   Nonlinear Equations",
   PUBLISHER    = "Prentice-Hall, Inc.",
   ADDRESS      = "Englewood Cliffs, NJ",
   YEAR         = 1983}
   }

@TechReport{ more:92,
    AUTHOR      = "Jorge J. Mor\'{e} and David Thuente",
    TITLE       = "Line search algorithms with guaranteed sufficient decrease",
    INSTITUTION = "Mathematics and Computer Science Division, Argonne National Laboratory",
    YEAR        = 1992,
    NUMBER      = "MCS-P330-1092",
    }

@Article{ brownsaad:90,
  author = 	 "Peter N. Brown and Youcef Saad",
  title = 	 "Hybrid {K}rylov Methods for Nonlinear Systems of Equations",
  journal =	 "SIAM J. Sci. Stat. Comput.",
  year =	 1990,
  volume =	 11,
  pages =	 "450-481"
}

@Book{using-mpi,
  author = 	 "William Gropp and Ewing Lusk and Anthony Skjellum",
  title = 	 "Using MPI: Portable Parallel Programming with the Message
		  Passing Interface",
  publisher = 	 "MIT Press",
  year = 	 1994
}

@inproceedings{ coral1,
   AUTHOR	= "L. Kettunen and K. Forsman and D. Levine and W. Gropp",
   TITLE	= "Solutions of TEAM Problem \#13 Using Integral Equations 
                   in a Sequential and Parallel Computing Environment",
   BOOKTITLE	= "Proceedings of the Miami TEAM Workshop",
   LOCATION     = "Florida International University, Department of Electrical
                   Engineering and Computing Science",
   MONTH        = Nov,
   YEAR		= 1993
   }

@inproceedings{ coral2,
   AUTHOR	= "L. Kettunen and K. Forsman and D. Levine and W. Gropp",
   TITLE	= "Solutions of TEAM Problems 13 and 20 Using a Volume 
                   Integral Formulation",
   BOOKTITLE	= "Proceedings of Aix-les-Bains TEAM Workshop",
   MONTH        = Dec,
   YEAR		= 1994
   }

@inproceedings{ coral3,
   AUTHOR	= "L. Kettunen and K. Forsman and D. Levine and W. Gropp",
   TITLE	= "Computational Electromagnetics and Parallel Dense
                   Matrix Computations",
   BOOKTITLE	= "Proceedings of the SIAM Parallel Processing for 
                   Scientific Computing Conference",
   LOCATION     = "Florida International University, Department of Electrical
                   Engineering and Computing Science",
   YEAR		= 1995
   }

@article{hs:52,
   author="Magnus R. Hestenes and Eduard Steifel",
   title="Methods of Conjugate Gradients for Solving Linear Systems",
   journal="J. Research of the National Bureau of Standards",
   year=1952,
   volume=49,
   pages="409-436"}

@article{ss:86,
   author="Youcef Saad and Martin H. Schultz",
   title="{GMRES}:  A Generalized Minimal Residual Algorithm 
           for Solving Nonsymmetric Linear Systems",
   journal = "SIAM J. Sci. Stat. Comput.",
   year=1986,
   volume=7,
   pages="856-869"}

@article{so:89,
   author="Peter Sonneveld",
   title="{CGS}, A Fast {L}anczos-type Solver for Nonsymmetric Linear 
          Systems",
   journal = "SIAM J. Sci. Stat. Comput.",
   year=1989,
   volume=10,
   pages="36-52"}

@article{v:92,
   author="{H. A.} {van der Vorst}",
   title="{B}i{CGSTAB}:  A fast and smoothly converging variant
          of {B}i{CG} for the solution of nonsymmetric linear
                  systems",
   journal = "SIAM J. Sci. Stat. Comput.",
   volume=13,
   year=1992,
   pages="631-644"}

@article{f:93,
   author="Roland W. Freund",
   title="A Transpose-Free Quasi-Minimal Residual Algorithm for
          Non-{H}ermitian Linear Systems",
   journal = "SIAM J. Sci. Stat. Comput.",
   volume=14,
   year=1993,
   pages="470-482"}

@article{ish:89,
  author="S. Ishizuka",
  title="An Experimental Study on Extinction and
         Stablity of Tubular Flames",
  journal="Combustion and Flame",
  volume=75,
  year=1989,
  pages="367-379"}

@book{williams89,
  TITLE = "Combustion Theory, The
           Fundamental Theory of Chemically Reacting Flow Systems",
  AUTHOR= "F.A. Williams",
  PUBLISHER = "Addison-Wesley",
  YEAR      = 1989,
  pages     = "367-379"}

@book{RA75,
author = {R. Aris},
title = {The Mathematical Theory of Diffusion and 
Reaction in Permeable Catalysts},
publisher = {Oxford},
year = {1975}
}

@book{Bebernes89,
author = {J. Bebernes and D. Eberly},
title = {Mathematical Problems from Combustion Theory},
publisher = {Springer-Verlag},
series = {Applied Mathematical Sciences 83},
year = {1989}
}

@inproceedings{Kikuchi89,
author = {F. Kikuchi},
booktitle = { Computing Methods in Applied Sciences and Engineering},
editor = {R. Glowinski and J. L. Lions},
publisher = {Springer-Verlag},
series = {Lecture Notes in Mathematics},
title = {Finite element approximations to bifurcation 
problems of turning point type},
year = {1977}
}

@article{RG85,
   author="R. Glowinski and H.B. Keller and L. Reinhart",
   title="Continuation-conjugate Gradient Methods fo the Least Squares
                  Solution of Nonlinear Boundary Problems",
   journal = "SIAM J. Sci. Stat. Comput.",
   volume=6,
   year=1985,
   pages="793-832"}

@InProceedings{whitfield91,
  author    = "D. Whitfield and L. Taylor",
  title     = "Discretized {N}ewton-Relaxation Solution of High
                  Resolution Flux-Difference Split Schemes",
  booktitle = "Proceedings of the AIAA Tenth Computational Fluid Dynamics Conference",
  misc      = "AIAA-91-1539",
  pages     = "134-145",
  year      = 1991,
}

@TechReport(petsc_tidriri95,
    Author = "M. D. Tidriri",
    Title  = "Krylov Methods for Compressible Flows",
    Institution = "ICASE",
    Month  = Jun,
    Year   = 1995,
    Number = "95-48"
    )

@INPROCEEDINGS{ pcfd97,
 AUTHOR=    "William D. Gropp, David E. Keyes, Lois Curfman McInnes, and M. D. Tidriri",
 TITLE=     "Algorithms and Software for Implicit PDE Computations",
 PUBLISHER= "Elsevier",
 YEAR=      "1997",
 BOOKTITLE= "Proceedings of Parallel CFD'97",
 note =     "To appear"
}

@INPROCEEDINGS{Quinlan1,
 AUTHOR=    "M. Lemke and D. Quinlan",
 TITLE=     "P++, a {C}++ Virtual Shared Grids Based Programming
             Environment for Architecture-Independent Development of
                  Structured Grid Applications",
 BOOKTITLE= "CONPAR/VAPP V, in Lecture Notes in Computer Science",
 PUBLISHER= "Springer Verlag",
 YEAR=      "1992"
}


@INPROCEEDINGS{Quinlan2,
 AUTHOR=    "R. Parsons and D. Quinlan",
 TITLE=     "A++/{P}++ Array Classes for Architecture Independent Finite
            Difference Computations",
 BOOKTITLE= "Proceedings of the Second Annual Object-Oriented Numerics
             Conference",
 YEAR=      "1994"
}

