@article{shea2020sindy-bvp,
  title={SINDy-BVP: Sparse Identification of Nonlinear Dynamics for Boundary Value Problems},
  author={Shea, Daniel E and Brunton, Steven L and Kutz, Nathan},
  journal={arXiv preprint arXiv:2005.10756},
  year={2020}
}
@article{brunton2016sindy,
  title={Discovering governing equations from data by sparse identification of nonlinear dynamical systems},
  author={Brunton, Steven L and Proctor, Joshua L and Kutz, J Nathan},
  journal={Proceedings of the national academy of sciences},
  volume={113},
  number={15},
  pages={3932--3937},
  year={2016},
  publisher={National Acad Sciences}
}